
@article{Wadler:2015:PropositionsAsTypes,
 author = {Wadler, Philip},
 title = {Propositions As Types},
 journal = {Commun. ACM},
 issue_date = {December 2015},
 volume = {58},
 number = {12},
 month = nov,
 year = {2015},
 OPTissn = {0001-0782},
 pages = {75--84},
 OPTnumpages = {10},
 OPTurl = {http://doi.acm.org.uchile.idm.oclc.org/10.1145/2699407},
 OPTacmid = {2699407},
 publisher = {ACM},
 address = {New York, NY, USA},
} 

@article{Gaboardi2016,
 author = {Gaboardi, Marco and Katsumata, Shin-ya and Orchard, Dominic and Breuvart, Flavien and Uustalu, Tarmo},
 title = {Combining Effects and Coeffects via Grading},
 journal = {SIGPLAN Not.},
 issue_date = {September 2016},
 volume = {51},
 number = {9},
 month = sep,
 year = {2016},
 OPTissn = {0362-1340},
 pages = {476--489},
 OPTnumpages = {14},
 OPTurl = {http://doi.acm.org/10.1145/3022670.2951939},
 OPTacmid = {2951939},
 publisher = {ACM},
 address = {New York, NY, USA},
 OPTkeywords = {categorical semantics, coeffects, comonads, distributive laws, effects, grading, monads, types},
}

@article{moggi1991notions,
 author = {Moggi, Eugenio},
 title = {Notions of Computation and Monads},
 journal = {Inf. Comput.},
 issue_date = {July 1991},
 volume = {93},
 number = {1},
 month = jul,
 year = {1991},
 OPTissn = {0890-5401},
 pages = {55--92},
 OPTnumpages = {38},
 OPTurl = {http://dx.doi.org/10.1016/0890-5401(91)90052-4},
 OPTacmid = {116984},
 publisher = {Academic Press, Inc.},
 address = {Duluth, MN, USA},
}

@article{Levy:2006,
 author = {Levy, Paul Blain},
 title = {Call-by-push-value: Decomposing Call-by-value and Call-by-name},
 journal = {Higher Order Symbol. Comput.},
 issue_date = {December  2006},
 volume = {19},
 number = {4},
 month = dec,
 year = {2006},
 OPTissn = {1388-3690},
 pages = {377--414},
 OPTnumpages = {38},
 OPTurl = {http://dx.doi.org/10.1007/s10990-006-0480-6},
 OPTacmid = {1187999},
 publisher = {Kluwer Academic Publishers},
 address = {Hingham, MA, USA},
 OPTkeywords = {Call-by-name, Call-by-push-value, Call-by-value, Computational effect, Lambda-calculus, Monad},
} 


@book{learnyouhaskell,
 author = {Lipovaca, Miran},
 title = {Learn You a Haskell for Great Good!: A Beginner's Guide},
 year = {2011},
 OPTisbn = {1593272839, 9781593272838},
 edition = {1st},
 publisher = {No Starch Press},
 OPTaddress = {San Francisco, CA, USA},
}
  
@book{Pierce:1991,
 author = {Pierce, Benjamin C.},
 title = {Basic Category Theory for Computer Scientists},
 year = {1991},
 OPTisbn = {0-262-66071-7},
 publisher = {MIT Press},
 address = {Cambridge, MA, USA},
} 

@book{Tapl:2002,
 author = {Pierce, Benjamin C.},
 title = {Types and Programming Languages},
 year = {2002},
 OPTisbn = {0262162091, 9780262162098},
 edition = {1st},
 publisher = {The MIT Press},
} 

@book{hottbook,
  author =    {The {Univalent Foundations Program}},
  title =     {Homotopy Type Theory: Univalent Foundations of Mathematics},
  publisher = {\url{https://homotopytypetheory.org/book}},
  address =   {Institute for Advanced Study},
  year =      {2013}
}

@incollection{introCIC,
  TITLE = {{Introduction to the Calculus of Inductive Constructions}},
  AUTHOR = {Paulin-Mohring, Christine},
  OPTURL = {https://hal.inria.fr/hal-01094195},
  BOOKTITLE = {{All about Proofs, Proofs for All}},
  OPTEDITOR = {Bruno Woltzenlogel Paleo and David Delahaye},
  PUBLISHER = {{College Publications}},
  OPTSERIES = {Studies in Logic (Mathematical logic and foundations)},
  VOLUME = {55},
  YEAR = {2015},
  MONTH = Jan,
  OPTKEYWORDS = {Coq proof assistant ; Calculus of Inductive Constructions},
  OPTPDF = {https://hal.inria.fr/hal-01094195/file/CIC.pdf},
  OPTHAL_ID = {hal-01094195},
  OPTHAL_VERSION = {v1},
}

@inproceedings{tanterTabareau:dls2015,
  author    = {{\'E}ric Tanter and Nicolas Tabareau},
  title     = {Gradual Certified Programming in {Coq}},
  pages     = {26--40},
  booktitle = {Proceedings of the 11th {ACM} Dynamic Languages Symposium (DLS 2015)},
  year      = {2015},
  address   = {Pittsburgh, PA, USA},
  publisher = {ACM Press},
  OPTmonth     = oct,
  OPTurlpdf    = {http://pleiad.dcc.uchile.cl/papers/2015/tanterTabareau-dls2015.pdf},
  OPTusers     = {etanter},
  OPTkey       = {DLS 2015},
}

@inproceedings{Sozeau:2008:FTC:1459784.1459810,
 author = {Sozeau, Matthieu and Oury, Nicolas},
 title = {First-Class Type Classes},
 booktitle = {Proceedings of the 21st International Conference on Theorem Proving in Higher Order Logics},
 year = {2008},
 pages = {278--293},
 publisher = {Springer-Verlag},
 address = {Berlin, Heidelberg},
 OPTseries = {TPHOLs '08},
 OPTisbn = {978-3-540-71065-3},
 OPTlocation = {Montreal, P.Q., Canada},
 OPTnumpages = {16},
 OPTurl = {http://dx.doi.org/10.1007/978-3-540-71067-7_23},
 OPTacmid = {1459810},
} 

@inproceedings{Wadler:1995:MFP:647698.734146,
 author = {Wadler, Philip},
 title = {Monads for Functional Programming},
 booktitle = {Advanced Functional Programming, First International Spring School on Advanced Functional Programming Techniques-Tutorial Text},
 year = {1995},
 pages = {24--52},
 publisher = {Springer-Verlag},
 address = {London, UK, UK},
 OPTisbn = {3-540-59451-5},
 OPTnumpages = {29},
 OPTurl = {http://dl.acm.org/citation.cfm?id=647698.734146},
 OPTacmid = {734146},
} 

@inproceedings{Klein:2009:seL4_verifiedKernel,
 author = {Klein, Gerwin and Elphinstone, Kevin and Heiser, Gernot and Andronick, June and Cock, David and Derrin, Philip and Elkaduwe, Dhammika and Engelhardt, Kai and Kolanski, Rafal and Norrish, Michael and Sewell, Thomas and Tuch, Harvey and Winwood, Simon},
 title = {seL4: Formal Verification of an OS Kernel},
 booktitle = {Proceedings of the ACM SIGOPS 22Nd Symposium on Operating Systems Principles},
 year = {2009},
 pages = {207--220},
 publisher = {ACM},
 address = {New York, NY, USA},
 OPTurl = {http://doi.acm.org/10.1145/1629575.1629596},
 OPTacmid = {1629596},
 OPTkeywords = {isabelle/hol, l4, microkernel, sel4},
 OPTnumpages = {14},
 OPTseries = {SOSP '09},
 OPTisbn = {978-1-60558-752-3},
 OPTlocation = {Big Sky, Montana, USA},
} 

@inproceedings{Siek:2006:gradualtyping,
    author = {Jeremy G. Siek and Walid Taha},
    title = {Gradual Typing for Functional Languages},
    booktitle = {In Scheme and Functional Programming Workshop},
    year = {2006},
    pages = {81--92},
    publisher = {}
}

@inproceedings{siek_et_al:2015:refined,
  author =	{Jeremy G. Siek and Michael M. Vitousek and Matteo Cimini and John Tang Boyland},
  title =	{{Refined Criteria for Gradual Typing}},
  booktitle =	{1st Summit on Advances in Programming Languages (SNAPL 2015)},
  pages =	{274--293},
  year =	{2015},
  volume =	{32},
  publisher =	{Schloss Dagstuhl--Leibniz-Zentrum fuer Informatik},
  address =	{Dagstuhl, Germany},
  OPTeditor =	{Thomas Ball and Rastislav Bodik and Shriram Krishnamurthi and Benjamin S. Lerner and Greg Morrisett},
  OPTseries =	{Leibniz International Proceedings in Informatics (LIPIcs)},
  OPTISBN =	{978-3-939897-80-4},
  OPTISSN =	{1868-8969},
  OPTURL =		{http://drops.dagstuhl.de/opus/volltexte/2015/5031},
  OPTURN =		{urn:nbn:de:0030-drops-50312},
  OPTannote =	{Keywords: gradual typing, type systems, semantics, dynamic languages}
}

@inproceedings{first-class-type-class,
 author = {Sozeau, Matthieu and Oury, Nicolas},
 title = {First-Class Type Classes},
 booktitle = {Proceedings of the 21st International Conference on Theorem Proving in Higher Order Logics},
 year = {2008},
 pages = {278--293},
 publisher = {Springer-Verlag},
 address = {Berlin, Heidelberg},
 OPTseries = {TPHOLs '08},
 OPTnumpages = {16},
 OPTurl = {http://dx.doi.org/10.1007/978-3-540-71067-7_23},
 OPTacmid = {1459810},
 OPTisbn = {978-3-540-71065-3},
 OPTlocation = {Montreal, P.Q., Canada},
} 

@inproceedings{700syntactical,
 author = {Boulier, Simon and P{\'e}drot, Pierre-Marie and Tabareau, Nicolas},
 title = {The Next 700 Syntactical Models of Type Theory},
 booktitle = {Proceedings of the 6th ACM SIGPLAN Conference on Certified Programs and Proofs},
 year = {2017},
 pages = {182--194},
 publisher = {ACM},
 address = {New York, NY, USA},
 OPTkeywords = {Dependent type theory, Program translation},
 OPTseries = {CPP 2017},
 OPTisbn = {978-1-4503-4705-1},
 OPTlocation = {Paris, France},
 OPTnumpages = {13},
 OPTurl = {http://doi.acm.org/10.1145/3018610.3018620},
 OPTdoi = {10.1145/3018610.3018620},
 OPTacmid = {3018620},
} 


@manual{coqRef,
  title = {The {Coq} Proof Assistant Reference Manual -- Version 8.6},
  organization = {The Coq Development Team},
  month = dec,
  year = 2016,
  url = {https://coq.inria.fr}
 }
 
 @manual{leanRef,
  title = {The Lean Reference Manual},
  version = {3.3.0},
  author = {Jeremy Avigad and Gabriel Ebner and Sebastian Ullrich},
  organization = {Microsoft Research},
  year = 2018,
  url = {https://leanprover.github.io/reference/lean_reference.pdf}
 }
 
 @phdthesis{Levy:2004,
  author = {Levy, Paul Blain},
  title = {Call-by-push-value},
  school = {Queen Mary University of London},
  year = 2001
}

@unpublished{tabarau:2017,
  TITLE = {{An Effectful Way to Eliminate Addiction to Dependence}},
  AUTHOR = {P{\'e}drot, Pierre-Marie and Tabareau, Nicolas},
  URL = {https://hal.inria.fr/hal-01441829},
  NOTE = {working paper or preprint},
  YEAR = {2017},
  MONTH = Jan,
  PDF = {https://hal.inria.fr/hal-01441829/file/main.pdf},
  HAL_ID = {hal-01441829},
  HAL_VERSION = {v1},
}

@article{Church:lambdaIntro,
 ISSN = {0003486X},
 URL = {http://www.jstor.org/stable/1968337},
 author = {Alonzo Church},
 journal = {Annals of Mathematics},
 number = {2},
 pages = {346-366},
 publisher = {Annals of Mathematics},
 title = {A Set of Postulates for the Foundation of Logic},
 volume = {33},
 year = {1932}
}


@book{Church:lambdaComputable,
 URL = {http://www.jstor.org/stable/j.ctt1b9x12d},
 author = {Church, Alonzo},
 publisher = {Princeton University Press},
 title = {The Calculi of Lambda Conversion},
 year = {1941}
}

@article{Church:lamdaTypeIntro,
author = "Church, Alonzo",
journal = "Journal of Symbolic Logic",
OPTmonth = "06",
number = "2",
pages = "56--68",
publisher = "Association for Symbolic Logic",
title = "A Formulation of the Simple Theory of Types",
url = "https://projecteuclid.org:443/euclid.jsl/1183387805",
volume = "5",
year = "1940"
}

@inproceedings{Reynolds:systemFIntro,
 author = {Reynolds, John C.},
 title = {Towards a Theory of Type Structure},
 booktitle = {Programming Symposium, Proceedings Colloque Sur La Programmation},
 year = {1974},
 isbn = {3-540-06859-7},
 pages = {408--423},
 url = {http://dl.acm.org/citation.cfm?id=647323.721503},
 acmid = {721503},
} 

@book{girard:Paradox,
  title={Interpr{\'e}tation fonctionnelle et {\'e}limination des coupures de l'arithm{\'e}tique d'ordre sup{\'e}rieur},
  author={Girard, J.Y.},
  url={https://books.google.cl/books?id=IRcVHAAACAAJ},
  year={1972}
}

@article{coqhuand:CoCIntro,
title = "The calculus of constructions",
journal = "Information and Computation",
volume = "76",
number = "2",
pages = "95 - 120",
year = "1988",
issn = "0890-5401",
doi = "https://doi.org/10.1016/0890-5401(88)90005-3",
url = "http://www.sciencedirect.com/science/article/pii/0890540188900053",
author = "Thierry Coquand and Gérard Huet"
}

@article{tabareau:FailureIsNotAnOption,
 author = {P{é}drot, Pierre-Marie and  Tabareau, Nicolas},
 title = {Failure is Not an Option: An Exceptional Type Theory},
 pages = {to appear},
 year = 2018,
 journal = "European Symposium on Programming"
}

@article{KleeneRosser:InconsistencyLogix,
 URL = {http://www.jstor.org/stable/1968646},
 author = {S. C. Kleene and J. B. Rosser},
 journal = {Annals of Mathematics},
 OPTnumber = {3},
 OPTpages = {630--636},
 publisher = {Annals of Mathematics},
 title = {The Inconsistency of Certain Formal Logics},
 OPTvolume = {36},
 year = {1935}
}

@article{barendregt1991:PTS,
 title={Introduction to generalized type systems},
 volume={1},
 OPTDOI={10.1017/S0956796800020025},
 number={2},
 journal={Journal of Functional Programming},
 publisher={Cambridge University Press},
 author={Barendregt, Henk},
 year={1991},
 OPTpages={125–154}
 }

@article{tait:typedLambdaStrong1967,
 ISSN = {00224812},
 OPTURL = {http://www.jstor.org/stable/2271658},
 author = {W. W. Tait},
 journal = {The Journal of Symbolic Logic},
 number = {2},
 OPTpages = {198--212},
 publisher = {Association for Symbolic Logic},
 title = {Intensional Interpretations of Functionals of Finite Type I},
 volume = {32},
 year = {1967}
}

@InProceedings{geuvers:IndNotDerivable2001,
author="Geuvers, Herman",
OPTeditor="Abramsky, Samson",
title="Induction Is Not Derivable in Second Order Dependent Type Theory",
booktitle="Typed Lambda Calculi and Applications",
year="2001",
publisher="Springer Berlin Heidelberg",
address="Berlin, Heidelberg",
OPTpages="166--181",
OPTisbn="978-3-540-45413-7"
}

@InProceedings{UniversePoly,
author="Sozeau, Matthieu
and Tabareau, Nicolas",
editor="Klein, Gerwin
and Gamboa, Ruben",
title="Universe Polymorphism in Coq            ",
booktitle="Interactive Theorem Proving",
year="2014",
publisher="Springer International Publishing",
address="Cham",
OPTpages="499--514",
OPTisbn="978-3-319-08970-6"
}

@techreport{timanySozeau:Consistency-pCuIC,
  TITLE = {{Consistency of the Predicative Calculus of Cumulative Inductive Constructions (pCuIC)}},
  AUTHOR = {Timany, Amin and Sozeau, Matthieu},
  URL = {https://hal.inria.fr/hal-01615123},
  OPTNOTE = {Version 2 fixes some typos from version 1.},
  TYPE = {Research Report},
  NUMBER = {RR-9105},
  OPTPAGES = {30},
  INSTITUTION = {{KU Leuven, Belgium ; Inria Paris}},
  YEAR = {2017},
  MONTH = Oct,
  OPTKEYWORDS = {logic ; metatheory ; calculus of constructions ; set theory ; th{\'e}orie des ensembles ; logique ; m{\'e}tath{\'e}orie ; Coq ; calcul des constructions},
  PDF = {https://hal.inria.fr/hal-01615123/file/consistency.pdf},
  OPTHAL_ID = {hal-01615123},
  POTHAL_VERSION = {v2},
}

@phdthesis{werner1994:IntroCIC,
  TITLE = {{Une Th{\'e}orie des Constructions Inductives}},
  AUTHOR = {Werner, Benjamin},
  URL = {https://tel.archives-ouvertes.fr/tel-00196524},
  SCHOOL = {{Universit{\'e} Paris-Diderot - Paris VII}},
  YEAR = {1994},
  MONTH = May,
  KEYWORDS = {Curry-Howard isomorphism ; typed lambda-calculus ; reducibility ; inductive types ; calculus of constructions ; Isomorphisme de Curry-Howard ; lambda-calcul typ{\'e} ; normalisation ; r{\'e}ductibilit{\'e} ; confluence ; types inductifs ; calcul des constructions},
  TYPE = {Theses},
  OPTPDF = {https://tel.archives-ouvertes.fr/tel-00196524/file/main.pdf},
  OPTHAL_ID = {tel-00196524},
  OPTHAL_VERSION = {v2},
}

@INPROCEEDINGS{Luo1994:ECC,
    author={Z. Luo},
    booktitle={Fourth Annual Symposium on Logic in Computer Science},
    title={ECC, an extended calculus of constructions},
    year={1989},
    volume={},
    number={},
    pages={386-395},
    keywords={formal languages;formal logic;set theory;ω-set;abstract mathematics;extended calculus of constructions;fully cumulative type hierarchy;higher-order calculus ECC;proof-theoretic properties;realizability;strong sum types;strongly normalizing;Abstract algebra;Buildings;Calculus;Computer languages;Computer science;Functional programming;Inference algorithms;Mathematical model;Mathematics},
    doi={10.1109/LICS.1989.39193},
    ISSN={},
    OPTmonth={Jun}
}

@inproceedings{Reynolds83:TypesAbstractionAndParametricPolymorphism,
  added-at = {2002-01-03T00:00:00.000+0100},
  author = {Reynolds, John C.},
  biburl = {https://www.bibsonomy.org/bibtex/20315177f6cb9eeaebe44c85e3503d7d3/dblp},
  booktitle = {IFIP Congress},
  date = {2002-01-03},
  description = {dblp},
  interhash = {c3f40c3e8bb67eb3595eb337fec8404f},
  intrahash = {0315177f6cb9eeaebe44c85e3503d7d3},
  keywords = {dblp},
  pages = {513-523},
  OPTtimestamp = {2002-01-03T00:00:00.000+0100},
  title = {Types, Abstraction and Parametric Polymorphism.},
  url = {http://dblp.uni-trier.de/db/conf/ifip/ifip83.html#Reynolds83},
  year = 1983
}

@inproceedings{Wadler:1989:TheoremsForFree,
 author = {Wadler, Philip},
 title = {Theorems for Free!},
 booktitle = {Proceedings of the Fourth International Conference on Functional Programming Languages and Computer Architecture},
 series = {FPCA '89},
 year = {1989},
 isbn = {0-89791-328-0},
 location = {Imperial College, London, United Kingdom},
 pages = {347--359},
 numpages = {13},
 url = {http://doi.acm.org/10.1145/99370.99404},
 doi = {10.1145/99370.99404},
 acmid = {99404},
 publisher = {ACM},
 address = {New York, NY, USA},
}

@article{1908:Russel_TypeTheory,
 OPTISSN = {00029327, 10806377},
 URL = {http://www.jstor.org/stable/2369948},
 author = {Bertrand Russell},
 journal = {American Journal of Mathematics},
 number = {3},
 pages = {222--262},
 publisher = {Johns Hopkins University Press},
 title = {Mathematical Logic as Based on the Theory of Types},
 volume = {30},
 year = {1908}
}
